@INPROCEEDINGS{9155908,
  author={Abirami, R. and Wise, D. C. Joy Winnie and Jeeva, R. and Sanjay, S.},
  booktitle={2020 International Conference on Electronics and Sustainable Communication Systems (ICESC)}, 
  title={Detecting Security Vulnerabilities in Website using Python}, 
  year={2020},
  pages={844-846},
  doi={10.1109/ICESC48915.2020.9155908}}

@INPROCEEDINGS{8983828,
  author={Zhang, Xun and Zhao, Jinxiong and Yang, Fan and Zhang, Qin and Li, Zhiru and Gong, Bo and Zhi, Yong and Zhang, Xuejun},
  booktitle={2019 IEEE 3rd Advanced Information Management, Communicates, Electronic and Automation Control Conference (IMCEC)}, 
  title={An Automated Composite Scanning Tool with Multiple Vulnerabilities}, 
  year={2019},
  pages={1060-1064},
  doi={10.1109/IMCEC46724.2019.8983828}}

@INPROCEEDINGS{9092613,
  author={Koswara, Kevin Jonathan and Dwi Wardhana Asnar, Yudistira},
  booktitle={2019 International Conference on Data and Software Engineering (ICoDSE)}, 
  title={Improving Vulnerability Scanner Performance in Detecting AJAX Application Vulnerabilities}, 
  year={2019},
  pages={1-5},
  doi={10.1109/ICoDSE48700.2019.9092613}}

@INPROCEEDINGS{6924244,
  author={Rocha, Thiago S. and Souto, Eduardo},
  booktitle={2014 IEEE 13th International Symposium on Network Computing and Applications}, 
  title={ETSSDetector: A Tool to Automatically Detect Cross-Site Scripting Vulnerabilities}, 
  year={2014},
  pages={306-309},
  doi={10.1109/NCA.2014.53}}

@INPROCEEDINGS{8378035,
  author={Shebli, Hessa Mohammed Zaher Al and Beheshti, Babak D.},
  booktitle={2018 IEEE Long Island Systems, Applications and Technology Conference (LISAT)}, 
  title={A study on penetration testing process and tools}, 
  year={2018},
  volume={},
  number={},
  pages={1-7},
  doi={10.1109/LISAT.2018.8378035}}

@article{article10.1088/1742-6596/1827/1/012061,
author = {Hu, Lilan and Chang, Jie and Chen, Ze and Hou, Botao},
year = {2021},
month = {03},
pages = {012061},
title = {Web application vulnerability detection method based on machine learning},
volume = {1827},
journal = {Journal of Physics: Conference Series},
doi = {10.1088/1742-6596/1827/1/012061}
}

@ARTICLE{8966601,
  author={Calzavara, Stefano and Conti, Mauro and Focardi, Riccardo and Rabitti, Alvise and Tolomei, Gabriele},
  journal={{IEEE Security \& Privacy}}, 
  title={Machine Learning for Web Vulnerability Detection: The Case of Cross-Site Request Forgery}, 
  year={2020},
  volume={18},
  number={3},
  pages={8-16},
  doi={10.1109/MSEC.2019.2961649}}

@INPROCEEDINGS{8614145,
  author={Russell, Rebecca and Kim, Louis and Hamilton, Lei and Lazovich, Tomo and Harer, Jacob and Ozdemir, Onur and Ellingwood, Paul and McConley, Marc},
  booktitle={2018 17th IEEE International Conference on Machine Learning and Applications (ICMLA)}, 
  title={Automated Vulnerability Detection in Source Code Using Deep Representation Learning}, 
  year={2018},
  pages={757-762},
  doi={10.1109/ICMLA.2018.00120}}

@INPROCEEDINGS{5997729,
  author={Lai, Xiaochen and Zhou, Kuanjiu and Qiu, Peifeng},
  booktitle={2011 International Conference on Control, Automation and Systems Engineering (CASE)}, 
  title={Research on C/C++ Code Static Detection Based on Syntax Tree}, 
  year={2011},
  pages={1-6},
  doi={10.1109/ICCASE.2011.5997729}}

@online{OWASPtop102017,
  author     = {{OWASP}},
  title      = {OWASP Top Ten 2017},
  year       = {2017},
  date       = {2017},
  urldate    = {2020-10-05},
  url        = {https://owasp.org/www-project-top-ten/2017/Top_10},
}